@article{PROGRAMMING20,
 author = {Costiou, Steven and Aranega, Vincent and Denker, Marcus},
 doi = {10.22152/programming-journal.org/2020/4/5},
 issn = {2473-7321},
 journal = {The Art, Science, and Engineering of Programming},
 month = {Feb},
 number = {3},
 publisher = {Aspect-Oriented Software Association (AOSA)},
 title = {Sub-method, partial behavioral reflection with Reflectivity: Looking back on 10 years of use},
 url = {http://dx.doi.org/10.22152/programming-journal.org/2020/4/5},
 volume = {4},
 year = {2020}
}

