@inproceedings{ICSOFT09,
 address = {Sofia, Bulgaria},
 author = {Aranega, Vincent and Mottu, Jean-Marie and Etien, Anne and Dekeyser, Jean-Luc},
 booktitle = {ICSOFT 2009 - 4th International Conference on Software and Data Technologies},
 hal_id = {hal-00461266},
 hal_version = {v1},
 link = {https://hal.archives-ouvertes.fr/hal-00461266},
 month = {Jul},
 pages = {pp. 66-73},
 title = {Traceability mechanism for error localization in model transformation},
 year = {2009}
}

