@inproceedings{COMAD08,
 author = {Xiao Jing and
Pierre Pinel and
Lei Pi and
Vincent Aranega and
Claude Baron},
 bibsource = {dblp computer science bibliography, http://dblp.org},
 biburl = {http://dblp.org/rec/bib/conf/comad/JingPPAB08},
 booktitle = {Proceedings of the 14th International Conference on Management of
Data, December 17-19, 2008, {IIT} Bombay, Mumbai, India},
 link = {http://www.cse.iitb.ac.in/~comad/2008/PDFs/11-jxioa.pdf},
 pages = {237--240},
 timestamp = {Fri, 29 Oct 2010 14:57:34 +0200},
 title = {Modeling Uncertain and Imprecise Information in Process Modeling with
{UML}},
 year = {2008}
}

