@inproceedings{MPM10,
 address = {Olso, Norway},
 author = {Aranega, Vincent and Etien, Anne and Dekeyser, Jean-Luc},
 booktitle = {Workshop on Multi-Paradigm Modeling},
 hal_id = {inria-00524153},
 hal_version = {v1},
 link = {https://hal.inria.fr/inria-00524153},
 month = {Oct},
 title = {Using an Alternative Trace for QVT},
 year = {2010}
}

