@inproceedings{modevva10,
 address = {Olso, Norway},
 author = {Aranega, Vincent and Mottu, Jean-Marie and Etien, Anne and Dekeyser, Jean-Luc},
 booktitle = {Workshop on Model driven Engineering Verification and Validation},
 hal_id = {inria-00524150},
 hal_version = {v1},
 link = {https://hal.inria.fr/inria-00524150},
 month = {Oct},
 title = {Using Traceability to Enhance Mutation Analysis Dedicated to Model Transformation},
 year = {2010}
}

