@inproceedings{IWST19,
 address = {Köln, Germany},
 author = {Misse-Chanabier, Pierre and Aranega, Vincent and Polito, Guillermo and Ducasse, Stéphane},
 booktitle = {IWST19 - International Workshop on Smalltalk Technologies},
 hal_id = {hal-02297860},
 hal_version = {v1},
 keywords = {Transpilation ; Pharo ; C language ; Tools},
 month = {August},
 pdf = {https://hal.archives-ouvertes.fr/hal-02297860/file/final_submission.pdf},
 title = {Illicium A modular transpilation toolchain from Pharo to C},
 url = {https://hal.archives-ouvertes.fr/hal-02297860},
 year = {2019}
}

