@inproceedings{AMT12,
 acmid = {2432500},
 address = {New York, NY, USA},
 author = {Etien, Anne and Aranega, Vincent and Blanc, Xavier and Paige, Richard F.},
 booktitle = {Proceedings of the First Workshop on the Analysis of Model Transformations},
 doi = {10.1145/2432497.2432500},
 isbn = {978-1-4503-1803-7},
 link = {http://doi.acm.org/10.1145/2432497.2432500},
 location = {Innsbruck, Austria},
 numpages = {6},
 pages = {9--14},
 publisher = {ACM},
 series = {AMT '12},
 title = {Chaining Model Transformations},
 year = {2012}
}

