@techreport{RR11,
 author = {De Oliveira Rodrigues, Antonio Wendell and Aranega, Vincent and Etien, Anne and Guyomarc'H, Frédéric and Dekeyser, Jean-Luc},
 hal_id = {inria-00617912},
 hal_version = {v1},
 institution = {INRIA},
 keyword = {Profiling ; GPU ; OpenCL ; MDE ; Traceability ; MARTE},
 link = {https://hal.inria.fr/inria-00617912},
 month = {Aug},
 number = {RR-7720},
 pdf = {https://hal.inria.fr/inria-00617912/file/RR-7720.pdf},
 title = {Enabling Traceability in an MDE Approach to Improve Performance of GPU Applications},
 type = {Research Report},
 year = {2011}
}

