@inproceedings{MODEVVA10b,
 address = {Oslo, Norway},
 author = {Aranega, Vincent and Mottu, Jean-Marie and Etien, Anne and Dekeyser, Jean-Luc},
 booktitle = {MoDeVVa'10},
 doi = {10.1007/978-3-642-21210-9_25},
 hal_id = {hal-00731016},
 hal_version = {v1},
 link = {https://hal.archives-ouvertes.fr/hal-00731016},
 month = {Oct},
 pages = {259-273},
 pdf = {https://hal.archives-ouvertes.fr/hal-00731016/file/modevva2010-extendedMoDELS.pdf},
 publisher = {Springer-Verlag},
 title = {Traceability for Mutation Analysis in Model Transformation},
 year = {2010}
}

