@inproceedings{MODELS12,
 address = {Innsbruck, Austria},
 author = {Aranega, Vincent and Etien, Anne and Mosser, SÃ©bastien},
 booktitle = {Model Driven Engineering Languages and Systems - 15th International Conference, MODELS 2012},
 hal_id = {hal-00838532},
 hal_version = {v1},
 link = {https://hal.inria.fr/hal-00838532},
 month = {Oct},
 title = {Using Feature Model to Build Model Transformation Chains},
 year = {2012}
}

