@misc{ECOOP13,
 author = {Dirix, Michel and Muller, Alexis and Aranega, Vincent},
 hal_id = {hal-01251417},
 hal_version = {v1},
 howpublished = {ECOOP},
 link = {https://hal.archives-ouvertes.fr/hal-01251417},
 note = {Poster},
 pdf = {https://hal.archives-ouvertes.fr/hal-01251417/file/poster.pdf},
 title = {GenMyModel : An Online UML Case Tool},
 year = {2013}
}

